<record><leader>00000cas a2200000 a 4500</leader><controlfield tag="001">22570246</controlfield><controlfield tag="007">hd afb---baca</controlfield><controlfield tag="007">hd bfb---baaa</controlfield><controlfield tag="008">901023u1941uuuudcuwr nea    f0   c0rusrd</controlfield><datafield ind1=" " ind2=" " tag="010"><subfield code="a">cn 90032240 </subfield></datafield><datafield ind1=" " ind2=" " tag="040"><subfield code="a">CaOONLN</subfield><subfield code="b">eng</subfield><subfield code="c">NLC</subfield><subfield code="d">OCLCQ</subfield><subfield code="d">DLC</subfield><subfield code="d">OCLCQ</subfield></datafield><datafield ind1=" " ind2=" " tag="016"><subfield code="a">900322403</subfield></datafield><datafield ind1="0" ind2=" " tag="022"><subfield code="a">0824-491X</subfield><subfield code="l">0824-491X</subfield><subfield code="2">4</subfield></datafield><datafield ind1=" " ind2=" " tag="042"><subfield code="a">nlc</subfield><subfield code="a">isds/c</subfield></datafield><datafield ind1=" " ind2=" " tag="043"><subfield code="a">n-cn---</subfield></datafield><datafield ind1="0" ind2="0" tag="050"><subfield code="a">Newspaper</subfield></datafield><datafield ind1="0" ind2="2" tag="055"><subfield code="a">FC106*</subfield></datafield><datafield ind1="0" ind2=" " tag="082"><subfield code="a">071/.1</subfield><subfield code="2">20</subfield></datafield><datafield ind1="0" ind2=" " tag="130"><subfield code="a">Vestnik (Toronto, Ont.)</subfield></datafield><datafield ind1="0" ind2=" " tag="210"><subfield code="a">Vestnik</subfield><subfield code="b">(Tor.)</subfield></datafield><datafield ind1=" " ind2="0" tag="222"><subfield code="a">Vestnik</subfield><subfield code="b">(Toronto)</subfield></datafield><datafield ind1="1" ind2="0" tag="245"><subfield code="a">Vestnik</subfield><subfield code="h">[microform].</subfield></datafield><datafield ind1=" " ind2=" " tag="260"><subfield code="a">Toronto :</subfield><subfield code="b">Vestnik</subfield></datafield><datafield ind1=" " ind2=" " tag="300"><subfield code="a">v.</subfield></datafield><datafield ind1=" " ind2=" " tag="310"><subfield code="a">Weekly,</subfield><subfield code="b">&lt;Dec. 26, 1970&gt;</subfield></datafield><datafield ind1=" " ind2=" " tag="321"><subfield code="a">Semiweekly,</subfield><subfield code="b">&lt;Jan. 4, 1961&gt;</subfield></datafield><datafield ind1="1" ind2=" " tag="362"><subfield code="a">Began Nov. 6 1941.</subfield></datafield><datafield ind1=" " ind2=" " tag="500"><subfield code="a">Russian title romanized.</subfield></datafield><datafield ind1=" " ind2=" " tag="534"><subfield code="p">Reproduction of:</subfield><subfield code="c">Toronto : Vestnik Pub. Co., 1941-</subfield><subfield code="m">Frequency varies.</subfield><subfield code="n">Text in Russian.</subfield><subfield code="n">Issues for Jan. 21, 1942- lack English parallel title.</subfield></datafield><datafield ind1=" " ind2=" " tag="588"><subfield code="a">Description based on: Vol. 20, no. 1989 (4 i&#65056;a&#65057;nv. 1961); title from original caption.</subfield></datafield><datafield ind1=" " ind2=" " tag="588"><subfield code="a">Latest issue consulted: Vol. 30, [no.] 2878 (26 dek. 1970).</subfield></datafield><datafield ind1=" " ind2=" " tag="533"><subfield code="a">Microfilm.</subfield><subfield code="b">Washington, D.C. :</subfield><subfield code="c">Library of Congress Photoduplication Service.</subfield><subfield code="e">microfilm reels ; 35 mm.</subfield></datafield><datafield ind1=" " ind2="0" tag="651"><subfield code="a">Toronto (Ont.)</subfield><subfield code="v">Newspapers.</subfield></datafield><datafield ind1=" " ind2="5" tag="650"><subfield code="a">Russian Canadians</subfield><subfield code="v">Newspapers.</subfield></datafield><datafield ind1=" " ind2="6" tag="650"><subfield code="a">Canadiens d'origine russe</subfield><subfield code="x">Journaux.</subfield></datafield><datafield ind1=" " ind2=" " tag="752"><subfield code="a">Canada</subfield><subfield code="b">Ontario</subfield><subfield code="d">Toronto.</subfield></datafield><datafield ind1="1" ind2=" " tag="776"><subfield code="t">Vestnik (Toronto, Ont.).</subfield><subfield code="x">0824-491X</subfield></datafield></record>